%YAML 1.1
%TAG !u! tag:unity3d.com,2011:
--- !u!225 &6787205637257566102
CanvasGroup:
  m_ObjectHideFlags: 0
  m_CorrespondingSourceObject: {fileID: 0}
  m_PrefabInstance: {fileID: 0}
  m_PrefabAsset: {fileID: 0}
  m_GameObject: {fileID: 3953172063587929187}
  m_Enabled: 1
  m_Alpha: 1
  m_Interactable: 1
  m_BlocksRaycasts: 1
  m_IgnoreParentGroups: 0
--- !u!1 &4330072795474117670
GameObject:
  m_ObjectHideFlags: 0
  m_CorrespondingSourceObject: {fileID: 0}
  m_PrefabInstance: {fileID: 0}
  m_PrefabAsset: {fileID: 0}
  serializedVersion: 6
  m_Component:
  - component: {fileID: 6008455433811924038}
  - component: {fileID: 684642652586321933}
  - component: {fileID: 3173887143199094503}
  - component: {fileID: 1574771560363453978}
  - component: {fileID: 8960448144626052008}
  m_Layer: 0
  m_Name: Building
  m_TagString: Building
  m_Icon: {fileID: 0}
  m_NavMeshLayer: 0
  m_StaticEditorFlags: 0
  m_IsActive: 1
--- !u!4 &6008455433811924038
Transform:
  m_ObjectHideFlags: 0
  m_CorrespondingSourceObject: {fileID: 0}
  m_PrefabInstance: {fileID: 0}
  m_PrefabAsset: {fileID: 0}
  m_GameObject: {fileID: 4330072795474117670}
  m_LocalRotation: {x: 0, y: 0, z: 0, w: 1}
  m_LocalPosition: {x: 0, y: 0, z: 0}
  m_LocalScale: {x: 1, y: 1, z: 1}
  m_Children:
  - {fileID: 1359240491164702328}
  - {fileID: 2714692327621250774}
  - {fileID: 2597386140020430100}
  m_Father: {fileID: 0}
  m_RootOrder: 0
  m_LocalEulerAnglesHint: {x: 0, y: 0, z: 0}
--- !u!114 &684642652586321933
MonoBehaviour:
  m_ObjectHideFlags: 0
  m_CorrespondingSourceObject: {fileID: 0}
  m_PrefabInstance: {fileID: 0}
  m_PrefabAsset: {fileID: 0}
  m_GameObject: {fileID: 4330072795474117670}
  m_Enabled: 1
  m_EditorHideFlags: 0
  m_Script: {fileID: 11500000, guid: 9c32f36e58a5f164983c5ba8d57a3a80, type: 3}
  m_Name: 
  m_EditorClassIdentifier: 
  buildingBase: {fileID: 2714692327621250774}
  buildingRoof: {fileID: 1359240491164702328}
  possibleBuildingAttachements:
  - {fileID: 381775293239858318, guid: 25f34512ab9f87c4b9643cdcc05bb7bf, type: 3}
  buildingController: {fileID: 0}
--- !u!114 &3173887143199094503
MonoBehaviour:
  m_ObjectHideFlags: 0
  m_CorrespondingSourceObject: {fileID: 0}
  m_PrefabInstance: {fileID: 0}
  m_PrefabAsset: {fileID: 0}
  m_GameObject: {fileID: 4330072795474117670}
  m_Enabled: 1
  m_EditorHideFlags: 0
  m_Script: {fileID: 11500000, guid: 330eeabce24f87742891810430e7486b, type: 3}
  m_Name: 
  m_EditorClassIdentifier: 
  citizenPrefab: {fileID: 916440782080818872, guid: 6210753718cf35e4c9f4b01b618b8d28, type: 3}
  connections: []
--- !u!65 &1574771560363453978
BoxCollider:
  m_ObjectHideFlags: 0
  m_CorrespondingSourceObject: {fileID: 0}
  m_PrefabInstance: {fileID: 0}
  m_PrefabAsset: {fileID: 0}
  m_GameObject: {fileID: 4330072795474117670}
  m_Material: {fileID: 0}
  m_IsTrigger: 1
  m_Enabled: 1
  serializedVersion: 2
  m_Size: {x: 1, y: 1, z: 1}
  m_Center: {x: 0, y: 0, z: 0}
--- !u!54 &8960448144626052008
Rigidbody:
  m_ObjectHideFlags: 0
  m_CorrespondingSourceObject: {fileID: 0}
  m_PrefabInstance: {fileID: 0}
  m_PrefabAsset: {fileID: 0}
  m_GameObject: {fileID: 4330072795474117670}
  serializedVersion: 2
  m_Mass: 1
  m_Drag: 0
  m_AngularDrag: 0.05
  m_UseGravity: 1
  m_IsKinematic: 1
  m_Interpolate: 0
  m_Constraints: 0
  m_CollisionDetection: 0
--- !u!1001 &937420630707765460
PrefabInstance:
  m_ObjectHideFlags: 0
  serializedVersion: 2
  m_Modification:
    m_TransformParent: {fileID: 2714692327621250774}
    m_Modifications:
    - target: {fileID: 920270626671050144, guid: 084224b1ee7984849855562945f796fa, type: 3}
      propertyPath: m_Name
      value: CitizensCounterUI
      objectReference: {fileID: 0}
    - target: {fileID: 5513120908611144216, guid: 084224b1ee7984849855562945f796fa, type: 3}
      propertyPath: m_Pivot.x
      value: 0.5
      objectReference: {fileID: 0}
    - target: {fileID: 5513120908611144216, guid: 084224b1ee7984849855562945f796fa, type: 3}
      propertyPath: m_Pivot.y
      value: 0.5
      objectReference: {fileID: 0}
    - target: {fileID: 5513120908611144216, guid: 084224b1ee7984849855562945f796fa, type: 3}
      propertyPath: m_RootOrder
      value: 1
      objectReference: {fileID: 0}
    - target: {fileID: 5513120908611144216, guid: 084224b1ee7984849855562945f796fa, type: 3}
      propertyPath: m_AnchorMax.x
      value: 0.5
      objectReference: {fileID: 0}
    - target: {fileID: 5513120908611144216, guid: 084224b1ee7984849855562945f796fa, type: 3}
      propertyPath: m_AnchorMax.y
      value: 0.5
      objectReference: {fileID: 0}
    - target: {fileID: 5513120908611144216, guid: 084224b1ee7984849855562945f796fa, type: 3}
      propertyPath: m_AnchorMin.x
      value: 0.5
      objectReference: {fileID: 0}
    - target: {fileID: 5513120908611144216, guid: 084224b1ee7984849855562945f796fa, type: 3}
      propertyPath: m_AnchorMin.y
      value: 0.5
      objectReference: {fileID: 0}
    - target: {fileID: 5513120908611144216, guid: 084224b1ee7984849855562945f796fa, type: 3}
      propertyPath: m_SizeDelta.x
      value: 1
      objectReference: {fileID: 0}
    - target: {fileID: 5513120908611144216, guid: 084224b1ee7984849855562945f796fa, type: 3}
      propertyPath: m_SizeDelta.y
      value: 1
      objectReference: {fileID: 0}
    - target: {fileID: 5513120908611144216, guid: 084224b1ee7984849855562945f796fa, type: 3}
      propertyPath: m_LocalPosition.x
      value: 0
      objectReference: {fileID: 0}
    - target: {fileID: 5513120908611144216, guid: 084224b1ee7984849855562945f796fa, type: 3}
      propertyPath: m_LocalPosition.y
      value: 0
      objectReference: {fileID: 0}
    - target: {fileID: 5513120908611144216, guid: 084224b1ee7984849855562945f796fa, type: 3}
      propertyPath: m_LocalPosition.z
      value: 0.85
      objectReference: {fileID: 0}
    - target: {fileID: 5513120908611144216, guid: 084224b1ee7984849855562945f796fa, type: 3}
      propertyPath: m_LocalRotation.w
      value: 0
      objectReference: {fileID: 0}
    - target: {fileID: 5513120908611144216, guid: 084224b1ee7984849855562945f796fa, type: 3}
      propertyPath: m_LocalRotation.x
      value: 0
      objectReference: {fileID: 0}
    - target: {fileID: 5513120908611144216, guid: 084224b1ee7984849855562945f796fa, type: 3}
      propertyPath: m_LocalRotation.y
      value: 0.9063079
      objectReference: {fileID: 0}
    - target: {fileID: 5513120908611144216, guid: 084224b1ee7984849855562945f796fa, type: 3}
      propertyPath: m_LocalRotation.z
      value: 0.42261827
      objectReference: {fileID: 0}
    - target: {fileID: 5513120908611144216, guid: 084224b1ee7984849855562945f796fa, type: 3}
      propertyPath: m_AnchoredPosition.x
      value: -0.51
      objectReference: {fileID: 0}
    - target: {fileID: 5513120908611144216, guid: 084224b1ee7984849855562945f796fa, type: 3}
      propertyPath: m_AnchoredPosition.y
      value: -3.73
      objectReference: {fileID: 0}
    - target: {fileID: 5513120908611144216, guid: 084224b1ee7984849855562945f796fa, type: 3}
      propertyPath: m_LocalEulerAnglesHint.x
      value: -50
      objectReference: {fileID: 0}
    - target: {fileID: 5513120908611144216, guid: 084224b1ee7984849855562945f796fa, type: 3}
      propertyPath: m_LocalEulerAnglesHint.y
      value: 180
      objectReference: {fileID: 0}
    - target: {fileID: 5513120908611144216, guid: 084224b1ee7984849855562945f796fa, type: 3}
      propertyPath: m_LocalEulerAnglesHint.z
      value: 0
      objectReference: {fileID: 0}
    m_RemovedComponents: []
  m_SourcePrefab: {fileID: 100100000, guid: 084224b1ee7984849855562945f796fa, type: 3}
--- !u!1001 &1359240491164830970
PrefabInstance:
  m_ObjectHideFlags: 0
  serializedVersion: 2
  m_Modification:
    m_TransformParent: {fileID: 6008455433811924038}
    m_Modifications:
    - target: {fileID: 100002, guid: 2c396ac82e1ec424f97558690c8f017e, type: 3}
      propertyPath: m_Name
      value: roof05
      objectReference: {fileID: 0}
    - target: {fileID: 400002, guid: 2c396ac82e1ec424f97558690c8f017e, type: 3}
      propertyPath: m_RootOrder
      value: 0
      objectReference: {fileID: 0}
    - target: {fileID: 400002, guid: 2c396ac82e1ec424f97558690c8f017e, type: 3}
      propertyPath: m_LocalScale.x
      value: 0.8
      objectReference: {fileID: 0}
    - target: {fileID: 400002, guid: 2c396ac82e1ec424f97558690c8f017e, type: 3}
      propertyPath: m_LocalScale.y
      value: 0.8
      objectReference: {fileID: 0}
    - target: {fileID: 400002, guid: 2c396ac82e1ec424f97558690c8f017e, type: 3}
      propertyPath: m_LocalScale.z
      value: 0.8
      objectReference: {fileID: 0}
    - target: {fileID: 400002, guid: 2c396ac82e1ec424f97558690c8f017e, type: 3}
      propertyPath: m_LocalPosition.x
      value: 0
      objectReference: {fileID: 0}
    - target: {fileID: 400002, guid: 2c396ac82e1ec424f97558690c8f017e, type: 3}
      propertyPath: m_LocalPosition.y
      value: -0.06
      objectReference: {fileID: 0}
    - target: {fileID: 400002, guid: 2c396ac82e1ec424f97558690c8f017e, type: 3}
      propertyPath: m_LocalPosition.z
      value: -0.2
      objectReference: {fileID: 0}
    - target: {fileID: 400002, guid: 2c396ac82e1ec424f97558690c8f017e, type: 3}
      propertyPath: m_LocalRotation.w
      value: 0.7071068
      objectReference: {fileID: 0}
    - target: {fileID: 400002, guid: 2c396ac82e1ec424f97558690c8f017e, type: 3}
      propertyPath: m_LocalRotation.x
      value: -0.7071068
      objectReference: {fileID: 0}
    - target: {fileID: 400002, guid: 2c396ac82e1ec424f97558690c8f017e, type: 3}
      propertyPath: m_LocalRotation.y
      value: -0
      objectReference: {fileID: 0}
    - target: {fileID: 400002, guid: 2c396ac82e1ec424f97558690c8f017e, type: 3}
      propertyPath: m_LocalRotation.z
      value: -0
      objectReference: {fileID: 0}
    - target: {fileID: 400002, guid: 2c396ac82e1ec424f97558690c8f017e, type: 3}
      propertyPath: m_LocalEulerAnglesHint.x
      value: 0
      objectReference: {fileID: 0}
    - target: {fileID: 400002, guid: 2c396ac82e1ec424f97558690c8f017e, type: 3}
      propertyPath: m_LocalEulerAnglesHint.y
      value: 0
      objectReference: {fileID: 0}
    - target: {fileID: 400002, guid: 2c396ac82e1ec424f97558690c8f017e, type: 3}
      propertyPath: m_LocalEulerAnglesHint.z
      value: 0
      objectReference: {fileID: 0}
    m_RemovedComponents: []
  m_SourcePrefab: {fileID: 100100000, guid: 2c396ac82e1ec424f97558690c8f017e, type: 3}
--- !u!4 &1359240491164702328 stripped
Transform:
  m_CorrespondingSourceObject: {fileID: 400002, guid: 2c396ac82e1ec424f97558690c8f017e, type: 3}
  m_PrefabInstance: {fileID: 1359240491164830970}
  m_PrefabAsset: {fileID: 0}
--- !u!1001 &2369123007441749624
PrefabInstance:
  m_ObjectHideFlags: 0
  serializedVersion: 2
  m_Modification:
    m_TransformParent: {fileID: 6008455433811924038}
    m_Modifications:
    - target: {fileID: 381775293239691438, guid: 25f34512ab9f87c4b9643cdcc05bb7bf, type: 3}
      propertyPath: m_RootOrder
      value: 1
      objectReference: {fileID: 0}
    - target: {fileID: 381775293239691438, guid: 25f34512ab9f87c4b9643cdcc05bb7bf, type: 3}
      propertyPath: m_LocalPosition.x
      value: 0
      objectReference: {fileID: 0}
    - target: {fileID: 381775293239691438, guid: 25f34512ab9f87c4b9643cdcc05bb7bf, type: 3}
      propertyPath: m_LocalPosition.y
      value: -1.3
      objectReference: {fileID: 0}
    - target: {fileID: 381775293239691438, guid: 25f34512ab9f87c4b9643cdcc05bb7bf, type: 3}
      propertyPath: m_LocalPosition.z
      value: 0
      objectReference: {fileID: 0}
    - target: {fileID: 381775293239691438, guid: 25f34512ab9f87c4b9643cdcc05bb7bf, type: 3}
      propertyPath: m_LocalRotation.w
      value: 0.7071068
      objectReference: {fileID: 0}
    - target: {fileID: 381775293239691438, guid: 25f34512ab9f87c4b9643cdcc05bb7bf, type: 3}
      propertyPath: m_LocalRotation.x
      value: -0.7071068
      objectReference: {fileID: 0}
    - target: {fileID: 381775293239691438, guid: 25f34512ab9f87c4b9643cdcc05bb7bf, type: 3}
      propertyPath: m_LocalRotation.y
      value: -0
      objectReference: {fileID: 0}
    - target: {fileID: 381775293239691438, guid: 25f34512ab9f87c4b9643cdcc05bb7bf, type: 3}
      propertyPath: m_LocalRotation.z
      value: -0
      objectReference: {fileID: 0}
    - target: {fileID: 381775293239691438, guid: 25f34512ab9f87c4b9643cdcc05bb7bf, type: 3}
      propertyPath: m_LocalEulerAnglesHint.x
      value: 0
      objectReference: {fileID: 0}
    - target: {fileID: 381775293239691438, guid: 25f34512ab9f87c4b9643cdcc05bb7bf, type: 3}
      propertyPath: m_LocalEulerAnglesHint.y
      value: 0
      objectReference: {fileID: 0}
    - target: {fileID: 381775293239691438, guid: 25f34512ab9f87c4b9643cdcc05bb7bf, type: 3}
      propertyPath: m_LocalEulerAnglesHint.z
      value: 0
      objectReference: {fileID: 0}
    - target: {fileID: 381775293239858318, guid: 25f34512ab9f87c4b9643cdcc05bb7bf, type: 3}
      propertyPath: m_Name
      value: block05
      objectReference: {fileID: 0}
    m_RemovedComponents: []
  m_SourcePrefab: {fileID: 100100000, guid: 25f34512ab9f87c4b9643cdcc05bb7bf, type: 3}
--- !u!4 &2714692327621250774 stripped
Transform:
  m_CorrespondingSourceObject: {fileID: 381775293239691438, guid: 25f34512ab9f87c4b9643cdcc05bb7bf, type: 3}
  m_PrefabInstance: {fileID: 2369123007441749624}
  m_PrefabAsset: {fileID: 0}
--- !u!1001 &5216477029417432785
PrefabInstance:
  m_ObjectHideFlags: 0
  serializedVersion: 2
  m_Modification:
    m_TransformParent: {fileID: 6008455433811924038}
    m_Modifications:
    - target: {fileID: 2603934120829560311, guid: 51d4220bdd2a0004c8500bff72989678, type: 3}
      propertyPath: m_Enabled
      value: 0
      objectReference: {fileID: 0}
    - target: {fileID: 3045056790300678549, guid: 51d4220bdd2a0004c8500bff72989678, type: 3}
      propertyPath: m_IsActive
      value: 1
      objectReference: {fileID: 0}
    - target: {fileID: 5330411566461774950, guid: 51d4220bdd2a0004c8500bff72989678, type: 3}
      propertyPath: m_SizeDelta.x
      value: 5
      objectReference: {fileID: 0}
    - target: {fileID: 5330411566461774950, guid: 51d4220bdd2a0004c8500bff72989678, type: 3}
      propertyPath: m_SizeDelta.y
      value: 5
      objectReference: {fileID: 0}
    - target: {fileID: 5787847176766920066, guid: 51d4220bdd2a0004c8500bff72989678, type: 3}
      propertyPath: m_SizeDelta.x
      value: 5
      objectReference: {fileID: 0}
    - target: {fileID: 5787847176766920066, guid: 51d4220bdd2a0004c8500bff72989678, type: 3}
      propertyPath: m_SizeDelta.y
      value: 5
      objectReference: {fileID: 0}
    - target: {fileID: 7813572552208016325, guid: 51d4220bdd2a0004c8500bff72989678, type: 3}
      propertyPath: m_Pivot.x
      value: 0.5
      objectReference: {fileID: 0}
    - target: {fileID: 7813572552208016325, guid: 51d4220bdd2a0004c8500bff72989678, type: 3}
      propertyPath: m_Pivot.y
      value: 0.5
      objectReference: {fileID: 0}
    - target: {fileID: 7813572552208016325, guid: 51d4220bdd2a0004c8500bff72989678, type: 3}
      propertyPath: m_RootOrder
      value: 2
      objectReference: {fileID: 0}
    - target: {fileID: 7813572552208016325, guid: 51d4220bdd2a0004c8500bff72989678, type: 3}
      propertyPath: m_AnchorMax.x
      value: 0
      objectReference: {fileID: 0}
    - target: {fileID: 7813572552208016325, guid: 51d4220bdd2a0004c8500bff72989678, type: 3}
      propertyPath: m_AnchorMax.y
      value: 0
      objectReference: {fileID: 0}
    - target: {fileID: 7813572552208016325, guid: 51d4220bdd2a0004c8500bff72989678, type: 3}
      propertyPath: m_AnchorMin.x
      value: 0
      objectReference: {fileID: 0}
    - target: {fileID: 7813572552208016325, guid: 51d4220bdd2a0004c8500bff72989678, type: 3}
      propertyPath: m_AnchorMin.y
      value: 0
      objectReference: {fileID: 0}
    - target: {fileID: 7813572552208016325, guid: 51d4220bdd2a0004c8500bff72989678, type: 3}
      propertyPath: m_SizeDelta.x
      value: 1
      objectReference: {fileID: 0}
    - target: {fileID: 7813572552208016325, guid: 51d4220bdd2a0004c8500bff72989678, type: 3}
      propertyPath: m_SizeDelta.y
      value: 1
      objectReference: {fileID: 0}
    - target: {fileID: 7813572552208016325, guid: 51d4220bdd2a0004c8500bff72989678, type: 3}
      propertyPath: m_LocalPosition.x
      value: 0
      objectReference: {fileID: 0}
    - target: {fileID: 7813572552208016325, guid: 51d4220bdd2a0004c8500bff72989678, type: 3}
      propertyPath: m_LocalPosition.y
      value: 0
      objectReference: {fileID: 0}
    - target: {fileID: 7813572552208016325, guid: 51d4220bdd2a0004c8500bff72989678, type: 3}
      propertyPath: m_LocalPosition.z
      value: -0.136
      objectReference: {fileID: 0}
    - target: {fileID: 7813572552208016325, guid: 51d4220bdd2a0004c8500bff72989678, type: 3}
      propertyPath: m_LocalRotation.w
      value: 0.7071068
      objectReference: {fileID: 0}
    - target: {fileID: 7813572552208016325, guid: 51d4220bdd2a0004c8500bff72989678, type: 3}
      propertyPath: m_LocalRotation.x
      value: 0.7071068
      objectReference: {fileID: 0}
    - target: {fileID: 7813572552208016325, guid: 51d4220bdd2a0004c8500bff72989678, type: 3}
      propertyPath: m_LocalRotation.y
      value: 0
      objectReference: {fileID: 0}
    - target: {fileID: 7813572552208016325, guid: 51d4220bdd2a0004c8500bff72989678, type: 3}
      propertyPath: m_LocalRotation.z
      value: 0
      objectReference: {fileID: 0}
    - target: {fileID: 7813572552208016325, guid: 51d4220bdd2a0004c8500bff72989678, type: 3}
      propertyPath: m_AnchoredPosition.x
      value: 0
      objectReference: {fileID: 0}
    - target: {fileID: 7813572552208016325, guid: 51d4220bdd2a0004c8500bff72989678, type: 3}
      propertyPath: m_AnchoredPosition.y
      value: -1.8
      objectReference: {fileID: 0}
    - target: {fileID: 7813572552208016325, guid: 51d4220bdd2a0004c8500bff72989678, type: 3}
      propertyPath: m_LocalEulerAnglesHint.x
      value: 90
      objectReference: {fileID: 0}
    - target: {fileID: 7813572552208016325, guid: 51d4220bdd2a0004c8500bff72989678, type: 3}
      propertyPath: m_LocalEulerAnglesHint.y
      value: 0
      objectReference: {fileID: 0}
    - target: {fileID: 7813572552208016325, guid: 51d4220bdd2a0004c8500bff72989678, type: 3}
      propertyPath: m_LocalEulerAnglesHint.z
      value: 0
      objectReference: {fileID: 0}
    - target: {fileID: 9087392524743907220, guid: 51d4220bdd2a0004c8500bff72989678, type: 3}
      propertyPath: m_IsActive
      value: 1
      objectReference: {fileID: 0}
    - target: {fileID: 9131289262342355634, guid: 51d4220bdd2a0004c8500bff72989678, type: 3}
      propertyPath: m_Name
      value: SelectionUI
      objectReference: {fileID: 0}
    m_RemovedComponents: []
  m_SourcePrefab: {fileID: 100100000, guid: 51d4220bdd2a0004c8500bff72989678, type: 3}
--- !u!1 &3953172063587929187 stripped
GameObject:
  m_CorrespondingSourceObject: {fileID: 9131289262342355634, guid: 51d4220bdd2a0004c8500bff72989678, type: 3}
  m_PrefabInstance: {fileID: 5216477029417432785}
  m_PrefabAsset: {fileID: 0}
--- !u!224 &2597386140020430100 stripped
RectTransform:
  m_CorrespondingSourceObject: {fileID: 7813572552208016325, guid: 51d4220bdd2a0004c8500bff72989678, type: 3}
  m_PrefabInstance: {fileID: 5216477029417432785}
  m_PrefabAsset: {fileID: 0}
