%YAML 1.1
%TAG !u! tag:unity3d.com,2011:
--- !u!1 &4232981701101552389
GameObject:
  m_ObjectHideFlags: 0
  m_CorrespondingSourceObject: {fileID: 0}
  m_PrefabInstance: {fileID: 0}
  m_PrefabAsset: {fileID: 0}
  serializedVersion: 6
  m_Component:
  - component: {fileID: 7940641687133677377}
  - component: {fileID: 3811922738061945342}
  - component: {fileID: 5889751547647693898}
  - component: {fileID: 5612150008204437929}
  - component: {fileID: 292366497505282669}
  - component: {fileID: 1786374861}
  m_Layer: 0
  m_Name: EndLevelUI
  m_TagString: Untagged
  m_Icon: {fileID: 0}
  m_NavMeshLayer: 0
  m_StaticEditorFlags: 0
  m_IsActive: 1
--- !u!224 &7940641687133677377
RectTransform:
  m_ObjectHideFlags: 0
  m_CorrespondingSourceObject: {fileID: 0}
  m_PrefabInstance: {fileID: 0}
  m_PrefabAsset: {fileID: 0}
  m_GameObject: {fileID: 4232981701101552389}
  m_LocalRotation: {x: 0, y: 0, z: 0, w: 1}
  m_LocalPosition: {x: 0, y: 0, z: 0}
  m_LocalScale: {x: 2, y: 2, z: 2}
  m_Children:
  - {fileID: 4143864026178421731}
  m_Father: {fileID: 0}
  m_RootOrder: 0
  m_LocalEulerAnglesHint: {x: 0, y: 0, z: 0}
  m_AnchorMin: {x: 0.5, y: 0.5}
  m_AnchorMax: {x: 0.5, y: 0.5}
  m_AnchoredPosition: {x: 0, y: 0}
  m_SizeDelta: {x: 200, y: 200}
  m_Pivot: {x: 0.5, y: 0.5}
--- !u!223 &3811922738061945342
Canvas:
  m_ObjectHideFlags: 0
  m_CorrespondingSourceObject: {fileID: 0}
  m_PrefabInstance: {fileID: 0}
  m_PrefabAsset: {fileID: 0}
  m_GameObject: {fileID: 4232981701101552389}
  m_Enabled: 1
  serializedVersion: 3
  m_RenderMode: 2
  m_Camera: {fileID: 0}
  m_PlaneDistance: 100
  m_PixelPerfect: 0
  m_ReceivesEvents: 1
  m_OverrideSorting: 0
  m_OverridePixelPerfect: 0
  m_SortingBucketNormalizedSize: 0
  m_AdditionalShaderChannelsFlag: 25
  m_SortingLayerID: 0
  m_SortingOrder: 0
  m_TargetDisplay: 0
--- !u!225 &5889751547647693898
CanvasGroup:
  m_ObjectHideFlags: 0
  m_CorrespondingSourceObject: {fileID: 0}
  m_PrefabInstance: {fileID: 0}
  m_PrefabAsset: {fileID: 0}
  m_GameObject: {fileID: 4232981701101552389}
  m_Enabled: 1
  m_Alpha: 1
  m_Interactable: 1
  m_BlocksRaycasts: 1
  m_IgnoreParentGroups: 0
--- !u!114 &5612150008204437929
MonoBehaviour:
  m_ObjectHideFlags: 0
  m_CorrespondingSourceObject: {fileID: 0}
  m_PrefabInstance: {fileID: 0}
  m_PrefabAsset: {fileID: 0}
  m_GameObject: {fileID: 4232981701101552389}
  m_Enabled: 1
  m_EditorHideFlags: 0
  m_Script: {fileID: 11500000, guid: dc42784cf147c0c48a680349fa168899, type: 3}
  m_Name: 
  m_EditorClassIdentifier: 
  m_IgnoreReversedGraphics: 1
  m_BlockingObjects: 0
  m_BlockingMask:
    serializedVersion: 2
    m_Bits: 4294967295
--- !u!114 &292366497505282669
MonoBehaviour:
  m_ObjectHideFlags: 0
  m_CorrespondingSourceObject: {fileID: 0}
  m_PrefabInstance: {fileID: 0}
  m_PrefabAsset: {fileID: 0}
  m_GameObject: {fileID: 4232981701101552389}
  m_Enabled: 1
  m_EditorHideFlags: 0
  m_Script: {fileID: 11500000, guid: 900d14c5c3ae9c34fbe653d15872801b, type: 3}
  m_Name: 
  m_EditorClassIdentifier: 
  messageText: {fileID: 3028801445167567729}
  buttonText: {fileID: 1195930284961225240}
  scoreText: {fileID: 3623445163776771700}
  menuButton: {fileID: 9080588849124044416}
  levelButton: {fileID: 8859166717867309296}
--- !u!222 &1786374861
CanvasRenderer:
  m_ObjectHideFlags: 0
  m_CorrespondingSourceObject: {fileID: 0}
  m_PrefabInstance: {fileID: 0}
  m_PrefabAsset: {fileID: 0}
  m_GameObject: {fileID: 4232981701101552389}
  m_CullTransparentMesh: 1
--- !u!1 &8868068795784117323
GameObject:
  m_ObjectHideFlags: 0
  m_CorrespondingSourceObject: {fileID: 0}
  m_PrefabInstance: {fileID: 0}
  m_PrefabAsset: {fileID: 0}
  serializedVersion: 6
  m_Component:
  - component: {fileID: 4143864026178421731}
  m_Layer: 0
  m_Name: Content
  m_TagString: Untagged
  m_Icon: {fileID: 0}
  m_NavMeshLayer: 0
  m_StaticEditorFlags: 0
  m_IsActive: 1
--- !u!224 &4143864026178421731
RectTransform:
  m_ObjectHideFlags: 0
  m_CorrespondingSourceObject: {fileID: 0}
  m_PrefabInstance: {fileID: 0}
  m_PrefabAsset: {fileID: 0}
  m_GameObject: {fileID: 8868068795784117323}
  m_LocalRotation: {x: -0, y: -0, z: -0, w: 1}
  m_LocalPosition: {x: 0, y: 0, z: 0}
  m_LocalScale: {x: 1, y: 1, z: 1}
  m_Children:
  - {fileID: 2192853258630938534}
  - {fileID: 445841639511141027}
  - {fileID: 6525094175322707970}
  - {fileID: 6808146140191280754}
  m_Father: {fileID: 7940641687133677377}
  m_RootOrder: 0
  m_LocalEulerAnglesHint: {x: 0, y: 0, z: 0}
  m_AnchorMin: {x: 0.5, y: 0.5}
  m_AnchorMax: {x: 0.5, y: 0.5}
  m_AnchoredPosition: {x: 0, y: 0}
  m_SizeDelta: {x: 100, y: 100}
  m_Pivot: {x: 0.5, y: 0.5}
--- !u!1001 &1810271100913912052
PrefabInstance:
  m_ObjectHideFlags: 0
  serializedVersion: 2
  m_Modification:
    m_TransformParent: {fileID: 4143864026178421731}
    m_Modifications:
    - target: {fileID: 968623533595231388, guid: b8bd3ae367fb3bc49a7acc66f014b678, type: 3}
      propertyPath: m_text
      value: BACK TO MENU
      objectReference: {fileID: 0}
    - target: {fileID: 968623533595231388, guid: b8bd3ae367fb3bc49a7acc66f014b678, type: 3}
      propertyPath: m_fontSize
      value: 10.85
      objectReference: {fileID: 0}
    - target: {fileID: 968623533595231388, guid: b8bd3ae367fb3bc49a7acc66f014b678, type: 3}
      propertyPath: m_fontSizeMin
      value: 10
      objectReference: {fileID: 0}
    - target: {fileID: 968623533595231388, guid: b8bd3ae367fb3bc49a7acc66f014b678, type: 3}
      propertyPath: m_VerticalAlignment
      value: 512
      objectReference: {fileID: 0}
    - target: {fileID: 1954834653668985407, guid: b8bd3ae367fb3bc49a7acc66f014b678, type: 3}
      propertyPath: m_SortingLayer
      value: 1
      objectReference: {fileID: 0}
    - target: {fileID: 1954834653668985407, guid: b8bd3ae367fb3bc49a7acc66f014b678, type: 3}
      propertyPath: m_SortingLayerID
      value: 1544488695
      objectReference: {fileID: 0}
    - target: {fileID: 1954834653668985407, guid: b8bd3ae367fb3bc49a7acc66f014b678, type: 3}
      propertyPath: m_Materials.Array.data[0]
      value: 
      objectReference: {fileID: 2100000, guid: 0d8853d21dbb0864d835740f466a8133, type: 2}
    - target: {fileID: 4114002313245435979, guid: b8bd3ae367fb3bc49a7acc66f014b678, type: 3}
      propertyPath: m_AnchoredPosition.y
      value: 14.7999935
      objectReference: {fileID: 0}
    - target: {fileID: 5144301745067607686, guid: b8bd3ae367fb3bc49a7acc66f014b678, type: 3}
      propertyPath: m_Pivot.x
      value: 0.5
      objectReference: {fileID: 0}
    - target: {fileID: 5144301745067607686, guid: b8bd3ae367fb3bc49a7acc66f014b678, type: 3}
      propertyPath: m_Pivot.y
      value: 0.5
      objectReference: {fileID: 0}
    - target: {fileID: 5144301745067607686, guid: b8bd3ae367fb3bc49a7acc66f014b678, type: 3}
      propertyPath: m_RootOrder
      value: 3
      objectReference: {fileID: 0}
    - target: {fileID: 5144301745067607686, guid: b8bd3ae367fb3bc49a7acc66f014b678, type: 3}
      propertyPath: m_AnchorMax.x
      value: 0
      objectReference: {fileID: 0}
    - target: {fileID: 5144301745067607686, guid: b8bd3ae367fb3bc49a7acc66f014b678, type: 3}
      propertyPath: m_AnchorMax.y
      value: 1
      objectReference: {fileID: 0}
    - target: {fileID: 5144301745067607686, guid: b8bd3ae367fb3bc49a7acc66f014b678, type: 3}
      propertyPath: m_AnchorMin.x
      value: 0
      objectReference: {fileID: 0}
    - target: {fileID: 5144301745067607686, guid: b8bd3ae367fb3bc49a7acc66f014b678, type: 3}
      propertyPath: m_AnchorMin.y
      value: 1
      objectReference: {fileID: 0}
    - target: {fileID: 5144301745067607686, guid: b8bd3ae367fb3bc49a7acc66f014b678, type: 3}
      propertyPath: m_SizeDelta.x
      value: 100
      objectReference: {fileID: 0}
    - target: {fileID: 5144301745067607686, guid: b8bd3ae367fb3bc49a7acc66f014b678, type: 3}
      propertyPath: m_SizeDelta.y
      value: 25.44
      objectReference: {fileID: 0}
    - target: {fileID: 5144301745067607686, guid: b8bd3ae367fb3bc49a7acc66f014b678, type: 3}
      propertyPath: m_LocalPosition.x
      value: 0
      objectReference: {fileID: 0}
    - target: {fileID: 5144301745067607686, guid: b8bd3ae367fb3bc49a7acc66f014b678, type: 3}
      propertyPath: m_LocalPosition.y
      value: 0
      objectReference: {fileID: 0}
    - target: {fileID: 5144301745067607686, guid: b8bd3ae367fb3bc49a7acc66f014b678, type: 3}
      propertyPath: m_LocalPosition.z
      value: 0
      objectReference: {fileID: 0}
    - target: {fileID: 5144301745067607686, guid: b8bd3ae367fb3bc49a7acc66f014b678, type: 3}
      propertyPath: m_LocalRotation.w
      value: 0
      objectReference: {fileID: 0}
    - target: {fileID: 5144301745067607686, guid: b8bd3ae367fb3bc49a7acc66f014b678, type: 3}
      propertyPath: m_LocalRotation.x
      value: -0
      objectReference: {fileID: 0}
    - target: {fileID: 5144301745067607686, guid: b8bd3ae367fb3bc49a7acc66f014b678, type: 3}
      propertyPath: m_LocalRotation.y
      value: 1
      objectReference: {fileID: 0}
    - target: {fileID: 5144301745067607686, guid: b8bd3ae367fb3bc49a7acc66f014b678, type: 3}
      propertyPath: m_LocalRotation.z
      value: -0
      objectReference: {fileID: 0}
    - target: {fileID: 5144301745067607686, guid: b8bd3ae367fb3bc49a7acc66f014b678, type: 3}
      propertyPath: m_AnchoredPosition.x
      value: 50
      objectReference: {fileID: 0}
    - target: {fileID: 5144301745067607686, guid: b8bd3ae367fb3bc49a7acc66f014b678, type: 3}
      propertyPath: m_AnchoredPosition.y
      value: -121.45999
      objectReference: {fileID: 0}
    - target: {fileID: 5144301745067607686, guid: b8bd3ae367fb3bc49a7acc66f014b678, type: 3}
      propertyPath: m_LocalEulerAnglesHint.x
      value: 0
      objectReference: {fileID: 0}
    - target: {fileID: 5144301745067607686, guid: b8bd3ae367fb3bc49a7acc66f014b678, type: 3}
      propertyPath: m_LocalEulerAnglesHint.y
      value: 180
      objectReference: {fileID: 0}
    - target: {fileID: 5144301745067607686, guid: b8bd3ae367fb3bc49a7acc66f014b678, type: 3}
      propertyPath: m_LocalEulerAnglesHint.z
      value: 0
      objectReference: {fileID: 0}
    - target: {fileID: 6604811984327174356, guid: b8bd3ae367fb3bc49a7acc66f014b678, type: 3}
      propertyPath: m_Name
      value: SimpleButton (1)
      objectReference: {fileID: 0}
    m_RemovedComponents: []
  m_SourcePrefab: {fileID: 100100000, guid: b8bd3ae367fb3bc49a7acc66f014b678, type: 3}
--- !u!224 &6808146140191280754 stripped
RectTransform:
  m_CorrespondingSourceObject: {fileID: 5144301745067607686, guid: b8bd3ae367fb3bc49a7acc66f014b678, type: 3}
  m_PrefabInstance: {fileID: 1810271100913912052}
  m_PrefabAsset: {fileID: 0}
--- !u!114 &9080588849124044416 stripped
MonoBehaviour:
  m_CorrespondingSourceObject: {fileID: 7429783299725747828, guid: b8bd3ae367fb3bc49a7acc66f014b678, type: 3}
  m_PrefabInstance: {fileID: 1810271100913912052}
  m_PrefabAsset: {fileID: 0}
  m_GameObject: {fileID: 0}
  m_Enabled: 1
  m_EditorHideFlags: 0
  m_Script: {fileID: 11500000, guid: 4e29b1a8efbd4b44bb3f3716e73f07ff, type: 3}
  m_Name: 
  m_EditorClassIdentifier: 
--- !u!1001 &2155519681232494212
PrefabInstance:
  m_ObjectHideFlags: 0
  serializedVersion: 2
  m_Modification:
    m_TransformParent: {fileID: 4143864026178421731}
    m_Modifications:
    - target: {fileID: 968623533595231388, guid: b8bd3ae367fb3bc49a7acc66f014b678, type: 3}
      propertyPath: m_text
      value: NEXT LEVEL
      objectReference: {fileID: 0}
    - target: {fileID: 968623533595231388, guid: b8bd3ae367fb3bc49a7acc66f014b678, type: 3}
      propertyPath: m_fontSize
      value: 12.05
      objectReference: {fileID: 0}
    - target: {fileID: 968623533595231388, guid: b8bd3ae367fb3bc49a7acc66f014b678, type: 3}
      propertyPath: m_fontSizeMin
      value: 10
      objectReference: {fileID: 0}
    - target: {fileID: 968623533595231388, guid: b8bd3ae367fb3bc49a7acc66f014b678, type: 3}
      propertyPath: m_VerticalAlignment
      value: 512
      objectReference: {fileID: 0}
    - target: {fileID: 968623533595231388, guid: b8bd3ae367fb3bc49a7acc66f014b678, type: 3}
      propertyPath: m_enableWordWrapping
      value: 1
      objectReference: {fileID: 0}
    - target: {fileID: 968623533595231388, guid: b8bd3ae367fb3bc49a7acc66f014b678, type: 3}
      propertyPath: m_HorizontalAlignment
      value: 8
      objectReference: {fileID: 0}
    - target: {fileID: 1954834653668985407, guid: b8bd3ae367fb3bc49a7acc66f014b678, type: 3}
      propertyPath: m_SortingLayer
      value: 1
      objectReference: {fileID: 0}
    - target: {fileID: 1954834653668985407, guid: b8bd3ae367fb3bc49a7acc66f014b678, type: 3}
      propertyPath: m_SortingLayerID
      value: 1544488695
      objectReference: {fileID: 0}
    - target: {fileID: 1954834653668985407, guid: b8bd3ae367fb3bc49a7acc66f014b678, type: 3}
      propertyPath: m_Materials.Array.data[0]
      value: 
      objectReference: {fileID: 2100000, guid: 0d8853d21dbb0864d835740f466a8133, type: 2}
    - target: {fileID: 4114002313245435979, guid: b8bd3ae367fb3bc49a7acc66f014b678, type: 3}
      propertyPath: m_AnchoredPosition.y
      value: 14.8
      objectReference: {fileID: 0}
    - target: {fileID: 5144301745067607686, guid: b8bd3ae367fb3bc49a7acc66f014b678, type: 3}
      propertyPath: m_Pivot.x
      value: 0.5
      objectReference: {fileID: 0}
    - target: {fileID: 5144301745067607686, guid: b8bd3ae367fb3bc49a7acc66f014b678, type: 3}
      propertyPath: m_Pivot.y
      value: 0.5
      objectReference: {fileID: 0}
    - target: {fileID: 5144301745067607686, guid: b8bd3ae367fb3bc49a7acc66f014b678, type: 3}
      propertyPath: m_RootOrder
      value: 2
      objectReference: {fileID: 0}
    - target: {fileID: 5144301745067607686, guid: b8bd3ae367fb3bc49a7acc66f014b678, type: 3}
      propertyPath: m_AnchorMax.x
      value: 0
      objectReference: {fileID: 0}
    - target: {fileID: 5144301745067607686, guid: b8bd3ae367fb3bc49a7acc66f014b678, type: 3}
      propertyPath: m_AnchorMax.y
      value: 1
      objectReference: {fileID: 0}
    - target: {fileID: 5144301745067607686, guid: b8bd3ae367fb3bc49a7acc66f014b678, type: 3}
      propertyPath: m_AnchorMin.x
      value: 0
      objectReference: {fileID: 0}
    - target: {fileID: 5144301745067607686, guid: b8bd3ae367fb3bc49a7acc66f014b678, type: 3}
      propertyPath: m_AnchorMin.y
      value: 1
      objectReference: {fileID: 0}
    - target: {fileID: 5144301745067607686, guid: b8bd3ae367fb3bc49a7acc66f014b678, type: 3}
      propertyPath: m_SizeDelta.x
      value: 100
      objectReference: {fileID: 0}
    - target: {fileID: 5144301745067607686, guid: b8bd3ae367fb3bc49a7acc66f014b678, type: 3}
      propertyPath: m_SizeDelta.y
      value: 25.44
      objectReference: {fileID: 0}
    - target: {fileID: 5144301745067607686, guid: b8bd3ae367fb3bc49a7acc66f014b678, type: 3}
      propertyPath: m_LocalPosition.x
      value: 0
      objectReference: {fileID: 0}
    - target: {fileID: 5144301745067607686, guid: b8bd3ae367fb3bc49a7acc66f014b678, type: 3}
      propertyPath: m_LocalPosition.y
      value: 0
      objectReference: {fileID: 0}
    - target: {fileID: 5144301745067607686, guid: b8bd3ae367fb3bc49a7acc66f014b678, type: 3}
      propertyPath: m_LocalPosition.z
      value: 0
      objectReference: {fileID: 0}
    - target: {fileID: 5144301745067607686, guid: b8bd3ae367fb3bc49a7acc66f014b678, type: 3}
      propertyPath: m_LocalRotation.w
      value: 0
      objectReference: {fileID: 0}
    - target: {fileID: 5144301745067607686, guid: b8bd3ae367fb3bc49a7acc66f014b678, type: 3}
      propertyPath: m_LocalRotation.x
      value: -0
      objectReference: {fileID: 0}
    - target: {fileID: 5144301745067607686, guid: b8bd3ae367fb3bc49a7acc66f014b678, type: 3}
      propertyPath: m_LocalRotation.y
      value: 1
      objectReference: {fileID: 0}
    - target: {fileID: 5144301745067607686, guid: b8bd3ae367fb3bc49a7acc66f014b678, type: 3}
      propertyPath: m_LocalRotation.z
      value: -0
      objectReference: {fileID: 0}
    - target: {fileID: 5144301745067607686, guid: b8bd3ae367fb3bc49a7acc66f014b678, type: 3}
      propertyPath: m_AnchoredPosition.x
      value: 50
      objectReference: {fileID: 0}
    - target: {fileID: 5144301745067607686, guid: b8bd3ae367fb3bc49a7acc66f014b678, type: 3}
      propertyPath: m_AnchoredPosition.y
      value: -70.2
      objectReference: {fileID: 0}
    - target: {fileID: 5144301745067607686, guid: b8bd3ae367fb3bc49a7acc66f014b678, type: 3}
      propertyPath: m_LocalEulerAnglesHint.x
      value: 0
      objectReference: {fileID: 0}
    - target: {fileID: 5144301745067607686, guid: b8bd3ae367fb3bc49a7acc66f014b678, type: 3}
      propertyPath: m_LocalEulerAnglesHint.y
      value: 180
      objectReference: {fileID: 0}
    - target: {fileID: 5144301745067607686, guid: b8bd3ae367fb3bc49a7acc66f014b678, type: 3}
      propertyPath: m_LocalEulerAnglesHint.z
      value: 0
      objectReference: {fileID: 0}
    - target: {fileID: 6604811984327174356, guid: b8bd3ae367fb3bc49a7acc66f014b678, type: 3}
      propertyPath: m_Name
      value: SimpleButton
      objectReference: {fileID: 0}
    m_RemovedComponents: []
  m_SourcePrefab: {fileID: 100100000, guid: b8bd3ae367fb3bc49a7acc66f014b678, type: 3}
--- !u!224 &6525094175322707970 stripped
RectTransform:
  m_CorrespondingSourceObject: {fileID: 5144301745067607686, guid: b8bd3ae367fb3bc49a7acc66f014b678, type: 3}
  m_PrefabInstance: {fileID: 2155519681232494212}
  m_PrefabAsset: {fileID: 0}
--- !u!114 &8859166717867309296 stripped
MonoBehaviour:
  m_CorrespondingSourceObject: {fileID: 7429783299725747828, guid: b8bd3ae367fb3bc49a7acc66f014b678, type: 3}
  m_PrefabInstance: {fileID: 2155519681232494212}
  m_PrefabAsset: {fileID: 0}
  m_GameObject: {fileID: 0}
  m_Enabled: 1
  m_EditorHideFlags: 0
  m_Script: {fileID: 11500000, guid: 4e29b1a8efbd4b44bb3f3716e73f07ff, type: 3}
  m_Name: 
  m_EditorClassIdentifier: 
--- !u!114 &1195930284961225240 stripped
MonoBehaviour:
  m_CorrespondingSourceObject: {fileID: 968623533595231388, guid: b8bd3ae367fb3bc49a7acc66f014b678, type: 3}
  m_PrefabInstance: {fileID: 2155519681232494212}
  m_PrefabAsset: {fileID: 0}
  m_GameObject: {fileID: 0}
  m_Enabled: 1
  m_EditorHideFlags: 0
  m_Script: {fileID: 11500000, guid: f4688fdb7df04437aeb418b961361dc5, type: 3}
  m_Name: 
  m_EditorClassIdentifier: 
--- !u!1001 &5061812454712329523
PrefabInstance:
  m_ObjectHideFlags: 0
  serializedVersion: 2
  m_Modification:
    m_TransformParent: {fileID: 4143864026178421731}
    m_Modifications:
    - target: {fileID: 1477118105518061974, guid: f4b8580100520164395b0749e3f3f250, type: 3}
      propertyPath: m_Name
      value: SimpleText (1)
      objectReference: {fileID: 0}
    - target: {fileID: 4616428212210462608, guid: f4b8580100520164395b0749e3f3f250, type: 3}
      propertyPath: m_Pivot.x
      value: 0.5
      objectReference: {fileID: 0}
    - target: {fileID: 4616428212210462608, guid: f4b8580100520164395b0749e3f3f250, type: 3}
      propertyPath: m_Pivot.y
      value: 0.5
      objectReference: {fileID: 0}
    - target: {fileID: 4616428212210462608, guid: f4b8580100520164395b0749e3f3f250, type: 3}
      propertyPath: m_RootOrder
      value: 1
      objectReference: {fileID: 0}
    - target: {fileID: 4616428212210462608, guid: f4b8580100520164395b0749e3f3f250, type: 3}
      propertyPath: m_AnchorMax.x
      value: 0
      objectReference: {fileID: 0}
    - target: {fileID: 4616428212210462608, guid: f4b8580100520164395b0749e3f3f250, type: 3}
      propertyPath: m_AnchorMax.y
      value: 1
      objectReference: {fileID: 0}
    - target: {fileID: 4616428212210462608, guid: f4b8580100520164395b0749e3f3f250, type: 3}
      propertyPath: m_AnchorMin.x
      value: 0
      objectReference: {fileID: 0}
    - target: {fileID: 4616428212210462608, guid: f4b8580100520164395b0749e3f3f250, type: 3}
      propertyPath: m_AnchorMin.y
      value: 1
      objectReference: {fileID: 0}
    - target: {fileID: 4616428212210462608, guid: f4b8580100520164395b0749e3f3f250, type: 3}
      propertyPath: m_SizeDelta.x
      value: 100
      objectReference: {fileID: 0}
    - target: {fileID: 4616428212210462608, guid: f4b8580100520164395b0749e3f3f250, type: 3}
      propertyPath: m_SizeDelta.y
      value: 49.120003
      objectReference: {fileID: 0}
    - target: {fileID: 4616428212210462608, guid: f4b8580100520164395b0749e3f3f250, type: 3}
      propertyPath: m_LocalPosition.x
      value: 0
      objectReference: {fileID: 0}
    - target: {fileID: 4616428212210462608, guid: f4b8580100520164395b0749e3f3f250, type: 3}
      propertyPath: m_LocalPosition.y
      value: 0
      objectReference: {fileID: 0}
    - target: {fileID: 4616428212210462608, guid: f4b8580100520164395b0749e3f3f250, type: 3}
      propertyPath: m_LocalPosition.z
      value: 0
      objectReference: {fileID: 0}
    - target: {fileID: 4616428212210462608, guid: f4b8580100520164395b0749e3f3f250, type: 3}
      propertyPath: m_LocalRotation.w
      value: 0
      objectReference: {fileID: 0}
    - target: {fileID: 4616428212210462608, guid: f4b8580100520164395b0749e3f3f250, type: 3}
      propertyPath: m_LocalRotation.x
      value: -0
      objectReference: {fileID: 0}
    - target: {fileID: 4616428212210462608, guid: f4b8580100520164395b0749e3f3f250, type: 3}
      propertyPath: m_LocalRotation.y
      value: 1
      objectReference: {fileID: 0}
    - target: {fileID: 4616428212210462608, guid: f4b8580100520164395b0749e3f3f250, type: 3}
      propertyPath: m_LocalRotation.z
      value: -0
      objectReference: {fileID: 0}
    - target: {fileID: 4616428212210462608, guid: f4b8580100520164395b0749e3f3f250, type: 3}
      propertyPath: m_AnchoredPosition.x
      value: 50
      objectReference: {fileID: 0}
    - target: {fileID: 4616428212210462608, guid: f4b8580100520164395b0749e3f3f250, type: 3}
      propertyPath: m_AnchoredPosition.y
      value: -28.3
      objectReference: {fileID: 0}
    - target: {fileID: 4616428212210462608, guid: f4b8580100520164395b0749e3f3f250, type: 3}
      propertyPath: m_LocalEulerAnglesHint.x
      value: 0
      objectReference: {fileID: 0}
    - target: {fileID: 4616428212210462608, guid: f4b8580100520164395b0749e3f3f250, type: 3}
      propertyPath: m_LocalEulerAnglesHint.y
      value: 180
      objectReference: {fileID: 0}
    - target: {fileID: 4616428212210462608, guid: f4b8580100520164395b0749e3f3f250, type: 3}
      propertyPath: m_LocalEulerAnglesHint.z
      value: 0
      objectReference: {fileID: 0}
    - target: {fileID: 8391960610010776391, guid: f4b8580100520164395b0749e3f3f250, type: 3}
      propertyPath: m_text
      value: 'Level score:'
      objectReference: {fileID: 0}
    - target: {fileID: 8391960610010776391, guid: f4b8580100520164395b0749e3f3f250, type: 3}
      propertyPath: m_fontSize
      value: 15
      objectReference: {fileID: 0}
    - target: {fileID: 8391960610010776391, guid: f4b8580100520164395b0749e3f3f250, type: 3}
      propertyPath: m_fontSizeMax
      value: 15
      objectReference: {fileID: 0}
    - target: {fileID: 8391960610010776391, guid: f4b8580100520164395b0749e3f3f250, type: 3}
      propertyPath: m_fontSizeMin
      value: 5
      objectReference: {fileID: 0}
    m_RemovedComponents: []
  m_SourcePrefab: {fileID: 100100000, guid: f4b8580100520164395b0749e3f3f250, type: 3}
--- !u!224 &445841639511141027 stripped
RectTransform:
  m_CorrespondingSourceObject: {fileID: 4616428212210462608, guid: f4b8580100520164395b0749e3f3f250, type: 3}
  m_PrefabInstance: {fileID: 5061812454712329523}
  m_PrefabAsset: {fileID: 0}
--- !u!114 &3623445163776771700 stripped
MonoBehaviour:
  m_CorrespondingSourceObject: {fileID: 8391960610010776391, guid: f4b8580100520164395b0749e3f3f250, type: 3}
  m_PrefabInstance: {fileID: 5061812454712329523}
  m_PrefabAsset: {fileID: 0}
  m_GameObject: {fileID: 0}
  m_Enabled: 1
  m_EditorHideFlags: 0
  m_Script: {fileID: 11500000, guid: f4688fdb7df04437aeb418b961361dc5, type: 3}
  m_Name: 
  m_EditorClassIdentifier: 
--- !u!1001 &6808964811316285494
PrefabInstance:
  m_ObjectHideFlags: 0
  serializedVersion: 2
  m_Modification:
    m_TransformParent: {fileID: 4143864026178421731}
    m_Modifications:
    - target: {fileID: 1477118105518061974, guid: f4b8580100520164395b0749e3f3f250, type: 3}
      propertyPath: m_Name
      value: SimpleText
      objectReference: {fileID: 0}
    - target: {fileID: 4616428212210462608, guid: f4b8580100520164395b0749e3f3f250, type: 3}
      propertyPath: m_Pivot.x
      value: 0.5
      objectReference: {fileID: 0}
    - target: {fileID: 4616428212210462608, guid: f4b8580100520164395b0749e3f3f250, type: 3}
      propertyPath: m_Pivot.y
      value: 0.5
      objectReference: {fileID: 0}
    - target: {fileID: 4616428212210462608, guid: f4b8580100520164395b0749e3f3f250, type: 3}
      propertyPath: m_RootOrder
      value: 0
      objectReference: {fileID: 0}
    - target: {fileID: 4616428212210462608, guid: f4b8580100520164395b0749e3f3f250, type: 3}
      propertyPath: m_AnchorMax.x
      value: 0
      objectReference: {fileID: 0}
    - target: {fileID: 4616428212210462608, guid: f4b8580100520164395b0749e3f3f250, type: 3}
      propertyPath: m_AnchorMax.y
      value: 1
      objectReference: {fileID: 0}
    - target: {fileID: 4616428212210462608, guid: f4b8580100520164395b0749e3f3f250, type: 3}
      propertyPath: m_AnchorMin.x
      value: 0
      objectReference: {fileID: 0}
    - target: {fileID: 4616428212210462608, guid: f4b8580100520164395b0749e3f3f250, type: 3}
      propertyPath: m_AnchorMin.y
      value: 1
      objectReference: {fileID: 0}
    - target: {fileID: 4616428212210462608, guid: f4b8580100520164395b0749e3f3f250, type: 3}
      propertyPath: m_SizeDelta.x
      value: 100
      objectReference: {fileID: 0}
    - target: {fileID: 4616428212210462608, guid: f4b8580100520164395b0749e3f3f250, type: 3}
      propertyPath: m_SizeDelta.y
      value: 49.120003
      objectReference: {fileID: 0}
    - target: {fileID: 4616428212210462608, guid: f4b8580100520164395b0749e3f3f250, type: 3}
      propertyPath: m_LocalPosition.x
      value: 0
      objectReference: {fileID: 0}
    - target: {fileID: 4616428212210462608, guid: f4b8580100520164395b0749e3f3f250, type: 3}
      propertyPath: m_LocalPosition.y
      value: 0
      objectReference: {fileID: 0}
    - target: {fileID: 4616428212210462608, guid: f4b8580100520164395b0749e3f3f250, type: 3}
      propertyPath: m_LocalPosition.z
      value: 0
      objectReference: {fileID: 0}
    - target: {fileID: 4616428212210462608, guid: f4b8580100520164395b0749e3f3f250, type: 3}
      propertyPath: m_LocalRotation.w
      value: 0
      objectReference: {fileID: 0}
    - target: {fileID: 4616428212210462608, guid: f4b8580100520164395b0749e3f3f250, type: 3}
      propertyPath: m_LocalRotation.x
      value: -0
      objectReference: {fileID: 0}
    - target: {fileID: 4616428212210462608, guid: f4b8580100520164395b0749e3f3f250, type: 3}
      propertyPath: m_LocalRotation.y
      value: 1
      objectReference: {fileID: 0}
    - target: {fileID: 4616428212210462608, guid: f4b8580100520164395b0749e3f3f250, type: 3}
      propertyPath: m_LocalRotation.z
      value: -0
      objectReference: {fileID: 0}
    - target: {fileID: 4616428212210462608, guid: f4b8580100520164395b0749e3f3f250, type: 3}
      propertyPath: m_AnchoredPosition.x
      value: 50
      objectReference: {fileID: 0}
    - target: {fileID: 4616428212210462608, guid: f4b8580100520164395b0749e3f3f250, type: 3}
      propertyPath: m_AnchoredPosition.y
      value: -1.8
      objectReference: {fileID: 0}
    - target: {fileID: 4616428212210462608, guid: f4b8580100520164395b0749e3f3f250, type: 3}
      propertyPath: m_LocalEulerAnglesHint.x
      value: 0
      objectReference: {fileID: 0}
    - target: {fileID: 4616428212210462608, guid: f4b8580100520164395b0749e3f3f250, type: 3}
      propertyPath: m_LocalEulerAnglesHint.y
      value: 180
      objectReference: {fileID: 0}
    - target: {fileID: 4616428212210462608, guid: f4b8580100520164395b0749e3f3f250, type: 3}
      propertyPath: m_LocalEulerAnglesHint.z
      value: 0
      objectReference: {fileID: 0}
    - target: {fileID: 8391960610010776391, guid: f4b8580100520164395b0749e3f3f250, type: 3}
      propertyPath: m_text
      value: YOU WON!
      objectReference: {fileID: 0}
    - target: {fileID: 8391960610010776391, guid: f4b8580100520164395b0749e3f3f250, type: 3}
      propertyPath: m_fontSize
      value: 18.9
      objectReference: {fileID: 0}
    - target: {fileID: 8391960610010776391, guid: f4b8580100520164395b0749e3f3f250, type: 3}
      propertyPath: m_fontSizeMin
      value: 10
      objectReference: {fileID: 0}
    m_RemovedComponents: []
  m_SourcePrefab: {fileID: 100100000, guid: f4b8580100520164395b0749e3f3f250, type: 3}
--- !u!224 &2192853258630938534 stripped
RectTransform:
  m_CorrespondingSourceObject: {fileID: 4616428212210462608, guid: f4b8580100520164395b0749e3f3f250, type: 3}
  m_PrefabInstance: {fileID: 6808964811316285494}
  m_PrefabAsset: {fileID: 0}
--- !u!114 &3028801445167567729 stripped
MonoBehaviour:
  m_CorrespondingSourceObject: {fileID: 8391960610010776391, guid: f4b8580100520164395b0749e3f3f250, type: 3}
  m_PrefabInstance: {fileID: 6808964811316285494}
  m_PrefabAsset: {fileID: 0}
  m_GameObject: {fileID: 0}
  m_Enabled: 1
  m_EditorHideFlags: 0
  m_Script: {fileID: 11500000, guid: f4688fdb7df04437aeb418b961361dc5, type: 3}
  m_Name: 
  m_EditorClassIdentifier: 
